<?xml version="1.0" encoding="UTF-8"?><collection xmlns="http://www.loc.gov/MARC21/slim"><record><leader>00540nam--2200169-i-4500</leader><controlfield tag="001">000043006</controlfield><controlfield tag="002">20161230</controlfield><controlfield tag="005">20161230201043</controlfield><controlfield tag="008">060222s1000------------r-----000-0-eng-d</controlfield><datafield ind1=" " ind2=" " tag="040"><subfield code="a">IFIN-HH</subfield></datafield><datafield ind1=" " ind2=" " tag="080"><subfield code="a">62-752:533.6.011.72:015</subfield></datafield><datafield ind1="1" ind2=" " tag="100"><subfield code="a">Stregack, Joseph Alan</subfield></datafield><datafield ind1="1" ind2="0" tag="245"><subfield code="a">A shock tube study of molecular vibrational relaxation rates behind a gas dynamic expansion. thesis</subfield><subfield code="c">Joseph alan stregack</subfield></datafield><datafield ind1=" " ind2=" " tag="260"><subfield code="a">Ann Arbor, Michigan, Univ.Microfilms, 1970,</subfield></datafield><datafield ind1=" " ind2=" " tag="300"><subfield code="a">VII+82P</subfield></datafield><datafield ind1=" " ind2=" " tag="852"><subfield code="a">37091</subfield><subfield code="c">533.6</subfield></datafield><datafield ind1=" " ind2=" " tag="CAT"><subfield code="a">Sys</subfield><subfield code="c">20100906</subfield><subfield code="h">152055</subfield></datafield></record></collection>